@article{higham2001algorithmic,
  title={An algorithmic introduction to numerical simulation of stochastic differential equations},
  author={Higham, Desmond J},
  journal={SIAM review},
  volume={43},
  number={3},
  pages={525--546},
  year={2001},
  publisher={SIAM}
}

@book{evans2012introduction,
  title={An introduction to stochastic differential equations},
  author={Evans, Lawrence C},
  volume={82},
  year={2012},
  publisher={American Mathematical Soc.}
}

@online{driver2016hmwk,
  author = "Bruce K. Driver",
  title  = "{Math 285 Homework Problem List for S2016}",
  note   = "URL: \url{http://www.math.ucsd.edu/~bdriver/285_S2016/Homeworks/285hm1-7.pdf}. 
            Last visited on 2020/01/29",
  year   = 2016,
  Lastchecked = {01.29.2020},
  Url = {http://www.math.ucsd.edu/~bdriver/285_S2016/Homeworks/285hm1-7.pdf},
}

@online{norges-bank-okning,
   organization = {Norges Bank},
   Date-Added = {2011-04-02 18:39:21 +0200},
   Date-Modified = {2011-04-02 19:19:30 +0200},
   Keywords = {web},
   Lastchecked = {02.04.2011},
   Month = {04},
   Title = {Bruken av kort og nettbank {\o}ker fortsatt},
   Url = {http://www.norges-bank.no/templates/article____16691.aspx},
   Urldate = {2011-04-02},
   Year = {2011},
   Note = {This is just an example. I haven't actually used this resource.},
}