@book{douglas2006stochastic,
  title={Stochastic Differential Equations In Science And Engineering (With Cd-rom)},
  author={Douglas, Henderson and Peter, Plaschko},
  year={2006},
  publisher={World Scientific}
}

@article{higham2001algorithmic,
  title={An algorithmic introduction to numerical simulation of stochastic differential equations},
  author={Higham, Desmond J},
  journal={SIAM review},
  volume={43},
  number={3},
  pages={525--546},
  year={2001},
  publisher={SIAM}
}

@book{evans2012introduction,
  title={An introduction to stochastic differential equations},
  author={Evans, Lawrence C},
  volume={82},
  year={2012},
  publisher={American Mathematical Soc.}
}

@online{driver2016hmwk,
  author = "Bruce K. Driver",
  title  = "{Math 285 Homework Problem List for S2016}",
  note   = "URL: \url{http://www.math.ucsd.edu/~bdriver/285_S2016/Homeworks/285hm1-7.pdf}. 
            Last visited on 2020/01/29",
  year   = 2016,
  Lastchecked = {01.29.2020},
  Url = {http://www.math.ucsd.edu/~bdriver/285_S2016/Homeworks/285hm1-7.pdf},
}

@online{dunbar2010course,
  author = "Steve Dunbar",
  title  = "{Math 489/Math 889 Stochastic Processes and Advanced Mathematical Finance: Transformations of Brownian Motion}",
  note   = "URL: \url{http://www.math.unl.edu/~sdunbar1/MathematicalFinance/Lessons/BrownianMotion/Transformations/transformations.pdf}. 
            Last visited on 2020/02/17",
  year   = 2010,
  Lastchecked = {02.17.2020},
  Url = {http://www.math.unl.edu/~sdunbar1/MathematicalFinance/Lessons/BrownianMotion/Transformations/transformations.pdf},
}

@book{sarkka2019applied,
  title={Applied stochastic differential equations},
  author={S{\"a}rkk{\"a}, Simo and Solin, Arno},
  volume={10},
  year={2019},
  publisher={Cambridge University Press}
}

@Manual{rstudio,
  title = {RStudio: Integrated Development Environment for R},
  author = {{RStudio Team}},
  organization = {RStudio, Inc.},
  address = {Boston, MA},
  year = {2015},
  url = {http://www.rstudio.com/},
}

@Manual{reticulate,
    author = {JJ Allaire and Kevin Ushey and Yuan Tang and Dirk
      Eddelbuettel},
    title = {reticulate: R Interface to Python},
    year = {2017},
    url = {https://github.com/rstudio/reticulate},
}

@book{py3,
 author = {Van Rossum, Guido and Drake, Fred L.},
 title = {Python 3 Reference Manual},
 year = {2009},
 isbn = {1441412697},
 publisher = {CreateSpace},
 address = {Scotts Valley, CA}
}

@Misc{numpy,
  author =    {Travis Oliphant},
  title =     {{NumPy}: A guide to {NumPy}},
  year =      {2006},
  howpublished = {USA: Trelgol Publishing},
  url = "http://www.numpy.org/",
 }
 
@article{matplotlib,
  title={{Matplotlib: A 2D graphics environment}},
  author={Hunter, John D},
  journal={Computing in science \& engineering},
  volume={9},
  number={3},
  pages={90--95},
  year={2007},
  publisher={{IEEE Computer Society}}
}


@online{norges-bank-okning,
   organization = {Norges Bank},
   Date-Added = {2011-04-02 18:39:21 +0200},
   Date-Modified = {2011-04-02 19:19:30 +0200},
   Keywords = {web},
   Lastchecked = {02.04.2011},
   Month = {04},
   Title = {Bruken av kort og nettbank {\o}ker fortsatt},
   Url = {http://www.norges-bank.no/templates/article____16691.aspx},
   Urldate = {2011-04-02},
   Year = {2011},
   Note = {This is just an example. I haven't actually used this resource.},
}